@book{Brezis73,
  title={Operateurs maximaux monotones et semi-groupes de contractions dans les espaces de Hilbert},
  author={Brezis, Haim},
  volume={5},
  year={1973},
  publisher={Elsevier}
}

@article{Bruck75,
  title={Asymptotic convergence of nonlinear contraction semigroups in Hilbert space},
  author={Bruck Jr, Ronald E},
  journal={Journal of Functional Analysis},
  volume={18},
  number={1},
  pages={15--26},
  year={1975},
  publisher={Elsevier}
}

@article{Loja59,
	title={Sur le probl{\'e}me de la division},
	author={{\L}ojasiewicz, Stanis{\l}aw},
	journal={Studia Mathematica},
	volume={18},
	year={1959}
}

@article{AusShefTeb10,
	title={A moving balls approximation method for a class of smooth
		constrained minimization problems},
	author={Auslender, Alfred and Shefi, Ron and Teboulle, Marc},
	journal={SIAM Journal on Optimization},
	volume={20},
	number={6},
	pages={3232--3259},
	year={2010},
	publisher={SIAM}
}

