@book{Rudin76,
  title={Principles of mathematical analysis},
  author={Rudin, Walter},
  volume={3},
  number={4.2},
  year={1976},
  publisher={McGraw-hill New York},
  edition={3rd}
}

@article{AttBolRedSou10,
  title={Proximal alternating minimization and projection methods for nonconvex
  problems: An approach based on the Kurdyka-{\L}ojasiewicz inequality},
  author={Attouch, H{\'e}dy and Bolte, J{\'e}r{\^o}me and Redont, Patrick and
  Soubeyran, Antoine},
  journal={Mathematics of Operations Research},
  volume={35},
  number={2},
  pages={438--457},
  year={2010},
  publisher={INFORMS}
}

@article{BolDanLew07,
  title={The {\L}ojasiewicz inequality for nonsmooth subanalytic functions with
  applications to subgradient dynamical systems},
  author={Bolte, J{\'e}r{\^o}me and Daniilidis, Aris and Lewis, Adrian},
  journal={SIAM Journal on Optimization},
  volume={17},
  number={4},
  pages={1205--1223},
  year={2007},
  publisher={SIAM}
}
