@article{AttBol09,
	author={Attouch, Hedy and Bolte, J{\'e}r{\^}ome},
	title={On the convergence of the proximal algorithm for nonsmooth functions involving analytic features},
	year={2009},
	pages={5--16},
	journal={Mathematical Programming},
	issue={116}}
